 @book{newman_2013, place={S.l:}, title={Computational physics}, publisher={CrCreateSpace}, author={Newman, Mark}, year={2013}} 
