@FOOTNOTE{Note1,key="Note1",note="Here we note that since the only conserved quantity is energy, we do in fact have one more degrees of freedom than conserved quantities. Indicative of a chaotic system."}
@FOOTNOTE{Note2,key="Note2",note="From what I can tell, this is the standard way of treating the constants to parts of the lagrangian that ends up disapering. Typically, without any reference to doing so whatsoever. Which I personally find very confusing. So I decided to include a small paragraph notifying the reader of doing so."}
@FOOTNOTE{Note3,key="Note3",note="Definitions of $g_1$ and $g_2$ will be included in the appendix"}
@CONTROL{REVTEX42Control}
@CONTROL{apsrev42Control,author="08",editor="1",pages="0",title="0",year="1"}
